@Comment А вот так оформляется библиография при помощи BibTeX.

@book{файбисович,
  title={Справочник по проектированию электрических сетей},
  editor={Д.Л. Файбисовича.},
  edition={4-е, перераб. и доп.},
  publisher={М.: Изд-во НЦ ЭНАС},
  pagetotal={376},
  year={2012},
  language =     "russian"
}

@book{веников1998электрические,
  title={Электрические системы. Электрические сети},
  editor = {В.А. Веникова, В.А. Строева},
  year={1998},
  pagetotal={511},
  publisher={М.: Высшая школа},
  language =     "russian"
}

@book{пуэ7,
  title={Правила устройства электроустановок},
  edition={7-е},
  publisher={М.: Изд-во НЦ ЭНАС},
  year={2004},
  language =     "russian"
}

@book{глазунов_шведов,
  title={Проектирование районной электрической сети: методические указания к курсовому проектированию},
  editor = {А.А. Глазунов, Г.В. Шведов.},
  publisher={М.: Издательский дом МЭИ},
  year={2010},
  pagetotal={72},
  language =     "russian"
}

@manual{СТО_принципиальных_схем,
	title = {Схемы принципиальные электрические распределительных устройств подстанций 35-750 кВ. Типовые решения: Стандарт организации ОАО "ФСК ЕЭС" СТО 56947007-29.240.55.016.2008.},
	pages = {132},
	language =     "russian"
}